@online{rstone-wiki,
    author = "",
    title = "Rolling Stone's 500 Greatest Albums of All Time",
    url  = "https://en.wikipedia.org/wiki/Rolling_Stone's_500_Greatest_Albums_of_All_Time"
}

@online{music-timeline,
    author = "",
    title = "Music Timeline",
    url  = "http://music-timeline.appspot.com/#"
}
